\begin{thebibliography}

@Article{DUBacmox2,
title = {Médecine traditionnelle chinoise et embryologie : merveilleux vaisseaux, mingmen, trois-réchauffeurs et xuli},
author = {DU BOIS, R.},
journal = {Acupuncture et moxibustion},
number = {2},
volume* = {1-2},
year = {2003},
pages* = {36-42}}

@Article{TONjcma72,
title = {Potential Function of Amniotic Fluid in Fetal Development ? Novel Insights by Comparing the Composition of Human Amniotic Fluid with Umbilical Cord and Maternal Serum at Mid and Late Gestation},
author = {TONG, XL. and WANG, W. and GAO, TB. and QIN,YG. and al },
journal = {J Chin Med Assoc},
number = {72},
volume* = {7},
year = {2009},
pages* = {368-373}}

@Article{PASjgobr2008,
title = {Les membranes f½tales : développement embryologique, structure et physiopathologie de la rupture prématurée avant terme},
author = {PASQUIERA, J.C and DORET, M.},
journal = {Journal de Gynécologie Obstétrique et Biologie de la Reproduction},
number = {37},
year = {2008},
pages* = {579-588}}

@Article{CHOmer39-40,
title = {Embryogénèse et médecine traditionnelle chinoise},
author = {CHOAIN, Jean},
journal = {Méridiens},
volume = {39-40},
year = {1977},
pages* = {73-112}}

@Article{DELmer83,
title = {Obstétrique et acupuncture},
author = {DELLIERE, M.},
journal = {Méridiens},
number = {83},
year = {1998},
pages* = {163-175}}

@Article{MINrfa37,
title = {Urgences de la grossesse et du post-partum},
author = {MINH, L.},
journal = {Revue Française d'Acupuncture},
number = {37},
year = {1984},
pages* = {19-30}}

@Article{AUTrfa38,
title = {Xiao ke, les diabètes},
author = {AUTEROCHE, B.},
journal = {Revue Française d'Acupuncture},
volume = {38},
year = {1984},
pages* = {7-18}}

@Article{GUIrfa38,
title = {Jin ye, liquides organiques},
author = {GUILLAUME, G.},
journal = {Revue Française d'Acupuncture},
volume = {38},
year = {1984},
pages* = {33-41}}

@Article{KESrfa39,
title = {Eau-feu et triple réchauffeur},
author = {KESPI, Jean Marc},
journal = {Revue Française d'Acupuncture},
number = {39},
year = {1984},
pages* = {7-18}}

@Article{DELrfa40,
title = {Foie et métabolisme},
author = {DE L'HOMME, G.},
journal = {Revue Française d'Acupuncture},
number = {40},
year = {1984},
pages* = {23-28}}

@Article{REMrfa45,
title = {Les cinq liquides},
author = {REMPP, C.},
journal = {Revue Française d'Acupuncture},
number = {45},
year = {1986},
pages* = {29-34}}

@Article{MINrfa45,
title = {Qi xue et affections gynécologiques},
author = {MINH, L.},
journal = {Revue Française d'Acupuncture},
number = {45},
year = {1986},
pages* = {35-41}}

@Article{TAIrfa50,
title = {Poumon et liquides organiques },
author = {TAILLANDIER, J.},
journal = {Revue Française d'Acupuncture},
number = {50},
year = {1987},
pages* = {15-20}}

@Article{ANDrfa50,
title = {Rein et jing},
author = {ANDRES, Gilles},
journal = {Revue Française d'Acupuncture},
number = {50},
year = {1987},
pages* = {21-26}}

@Article{DEJrfa50,
title = {De la vessie},
author = {DEJAULT, M},
journal = {Revue Française d'Acupuncture},
number = {50},
year = {1987},
pages* = {37-44}}

@Article{REMrfa66,
title = {Physiologie des jin ye},
author = {REMPP, C.},
journal = {Revue Française d'Acupuncture},
number = {66},
year = {1991},
pages* = {29-42}}

@Article{CHArfa81,
title = {Physiologie de la grossesse en médecine traditionnelle chinoise},
author = {CHAGUE-GAGNERET, Claudine},
journal = {Revue Française d'Acupuncture},
number = {81},
year = {1995},
pages* = {8-20}}

@Article{THUrfa133,
title = {Eaux et liquides},
author = {THURIERE, N.},
journal = {Revue Française d'Acupuncture},
number = {133},
year = {2008},
pages* = {11-22 }}

@Article{VINrfa139,
title = {L'eau des profondeurs. Approche de la notion d'eau à travers le Yijing},
author = {VINOGRADOFF, Michel.},
journal = {Revue Française d'Acupuncture},
number = {139},
year = {2009},
pages* = {8-26 }}

@Article{GUIrfa144,
title = {Nutrition et grossesse},
author = {GUIRAUD-SOBRAL, A.},
journal = {Revue Française d'Acupuncture},
number = {144},
year = {2010},
pages* = {69-77}}

@Article{GLArfa146,
title = {La fonction pivot du foie},
author = {GLASER Abel, GUOHUI Zhao},
journal = {Revue Française d'Acupuncture},
number = {146},
year = {2011},
pages* = {34-40}}

@Article{PELrfa146,
title = {Yangming et sa spécificité pendant la grossesse},
author = {PELLETIER-LAMBERT, Annabelle},
journal = {Revue Française d'Acupuncture},
number = {146},
year = {2011},
pages* = {65-73}}

@Article{PELrfa147,
title = {Yangming et sa spécificité pendant la grossesse},
author = {PELLETIER-LAMBERT, Annabelle},
journal = {Revue Française d'Acupuncture},
number = {147},
year = {2011},
pages* = {69-76}}

@Article{EYSrfa148,
title = {La mer des moelles, lieu de synthèse des mouvements liquidiens },
author = {EYSSALET, Jean-Marc},
journal = {Revue Française d'Acupuncture},
number = {148},
year = {2011},
pages* = {8-21}}

@Article{ENCemc2002,
author = {ENCHA-RAZAVI, F and ESCUDIER, E},
title = {Embryologie},
journal = {EMC - Obstétrique/Gynécologie},
volume* = {},
number = {},
year = {2002},
pages* = {},
note* = {Article 5-001-A-50}}

@Article{MADemc2016,
title = {Physiologie et régulation du liquide amniotique},
author = {MADAR, H. and BRUN, S. and COATLEVEN, F and CHABANIER, P. and GOMER, H and NITHART, A. and al},
journal = {EMC - Obstétrique/Gynécologie},
volume* = {11},
number = {3},
year = {2016},
pages* = {1-9},
note* = {Article 5-008-A-20}}

@Article{CODemc1996,
title = {Hydramnios . Oligoamnios},
author = {CODACCIONI Xavier and VAAST Pascal and VALAT-RIGOT Anne-Sylvie and PUECH Francis},
journal = {EMC - Obstétrique},
volume* = {1},
year = {1996},
note* = {Article 5-021-A-10}}

@book{AGMAR,
author = {AGMAR, Association Romande des Médecins Acupuncteurs},
title = {Punctologie Générale},
year = {2011},
publisher = {You Feng},
address = {Paris}}

@book{AUT1986,
author = {AUTEROCHE B and NAVAILH P and MARONNAUD P and MULLENS E},
title = {Acupuncture en gynécologie et obstétrique},
year = {1986},
publisher = {Maloine},
address = {Paris}}

@book{BET2012,
author = {BETTS, Debra},
title = {Guide Pratique d'Acupuncture pour la Grossesse et l'Accouchement},
year = {2012},
publisher = {Satas},
address = {Bruxelles}}

@book{CHA2017,
author = {CHAPELLET, Josette},
title = {A la découverte de la diététique chinoise},
year = {2017},
publisher = {Tredaniel},
address = {Paris}}

@book{COD1991,
author = {CODACCIONI, Xavier},
title = {Physiologie du liquide amniotique},
editor = {TOURNAIRE, M.},
booktitle = {Physiologie de la grossesse},
year = {1991},
publisher = {Masson},
address = {Paris},
pages* = {69-78}}

@book{DRE1998,
author = {DREWS Ulrich},
title = {Atlas de poche d'embryologie},
year = {1998},
publisher = {Flammarion},
address = {Paris}}

@book{EYS1990,
author = {EYSSALET Jean-Marc},
title = {Le secret de la maison des ancêtres},
year = {1990},
publisher = {Maisnie},
address = {}}

@book{EYS1988,
author = {EYSSALET Jean-Marc},
title = {Les cinq chemins du clair et de l'obscur},
year = {1988},
publisher = {Tredaniel},
address = {Paris}}

@book{GIR2014,
author = {GIRAUD-SOBRAL Augusta},
title = {Manuel pratique d'acupuncture en obstétrique},
year = {2014},
publisher = {Désiris},
address = {}}

@book{HUA,
author = {HUANGFU MI,},
note = {Traduction MILSKY, C. and  ANDRES, G},
booktitle = {Zhenjiu jiayi jing,  Classique ordonné de l'acupuncture},
year = {3ème Siècle ap JC},
publisher = {Tredaniel},
address = {Paris},
volume* = {1},
pages* = {57-63}}

@book{MAC1998,
author = {MACIOCIA Giovanni},
title = {Gynécologie et obstétrique en médecine chinoise},
publisher = {Satas},
address = {Bruxelles},
year = {1998}}

@book{MER2008,
author = {MERGER, R. and LEVY, J. and MELCHIOR, J.},
title = {Précis d'obstétrique},
year = {2008},
publisher = {Masson},
address = {Paris}}
p 32-33
 
@book{PEL2014,
author = {PELLETIER-LAMBERT, Annabelle},
title = {Obstétrique et acupuncture : Mise au point pour la sage-femme},
year = {2014},
publisher = {Du Lau},
address = {Hyeres},
pages* = {}}

@book{ROQ2016,
author = {ROQUERE, Hélène and LAFONT, Jean-Louis},
title = {Précis d'acupuncture en obstétrique},
year = {2016},
publisher = {sauramps médical},
address = {Montpellier}}

@book{REM1992,
author = {REMPP Christian and BIGLER Annick},
title = {La pratique de l'acupuncture en obstétrique},
year = {1992},
publisher = {La Tisserande},
address = {Paris}}

@book{SAL1998,
author = {SALAGNAC Berthe},
title = {Naissance et acupuncture},
year = {1998},
publisher = {Satas},
address = {Bruxelles}}

@book{SCH2017,
author = {SCHOENWOLF, Gary C. and BLEYL, Steven B. and BRAUER, Philip R. and FRANCIS-WEST, Philippa H.},
title = {Embryologie humaine de Larsen},
year = {2017},
publisher = {De Boeck Supérieur},
address = {Louvain-la-Neuve}}

@InProceedings{BIGafsfa2018,
author = {BIGLER, Annick},
title = {Prévention de la maladie gravidique},
booktitle = {Séminaire de l'Association Française des Sages-Femme Acupuncteurs, actes du congrès, les 23 et 24 mars 2018, Palais des Congrès Strasbourg},
year = {2018},
pages* = {30-38}}

@InProceedings{EYSfaformec2004,
author = {EYSSALET Jean-Marc},
title = {Neuf mois, dix lunes, ou les règles hygiéno-diététiques de la grossesse, mois par mois, selon Ishimpo et d'autres classiques},
booktitle = {F.A.For.Mec 2004 : Gynécologie et obstétrique, actes du congrès, les 26 et 27 novembre 2004, International Space University Strasbourg},
year = {2004},
pages* = {41-53}}

@InProceedings{UHRafsfa2018,
author = {UHRWEILLER, Dominique},
title = {Diabète gestationnel et grossesse},
booktitle = {Séminaire de l'Association Française des Sages-Femme Acupuncteurs, actes du congrès, les 23 et 24 mars 2018, Palais des Congrès Strasbourg},
year = {2018},
pages* = {22-28}}

@phdthesis{DEL2014,
title={Correspondances entre les eaux de la naissance et l'élément eau en médecine traditionnelle chinoise. Etude des 57 points de l'eau},
author={DELOFFRE Anne},
school={Université de Strasbourg},
year={2014}}

\end{thebibliography}